@online{link:fedora-xz,
  author       = "RedHat",
  title        = "XZ is default for RPM",
  year         = 2009,
  url          = {https://www.fedoraproject.org/wiki/Features/XZRpmPayloads},
  urldate      = "19.08.2009",
  language     = "english"
}
@online{link:kernel-xz,
  author       = "Linux",
  title        = "XZ is default for Linux Kernel",
  year         = 2013,
  url          = {https://www.kernel.org/xz-by-default-and-json.html},
  urldate      = "11.03.2009",
  language     = "english"
}
@online{link:xz-specs,
  author       = "Collin, Lasse and Pavlov, Igor",
  title        = "The .xz File Format",
  year         = 2009,
  url          = {http://tukaani.org/xz/xz-file-format-1.0.4.txt},
  urldate      = "27.08.2009",
  language     = "english"
}
@online{link:xz-mt,
  author       = "Collin, Lasse",
  title        = "Multi-threading status in XZ",
  year         = 2015,
  url          = {https://sourceforge.net/p/lzmautils/discussion/708858/thread/d37155d1/#975d},
  urldate      = "03.06.2015",
  language     = "english"
}
@online{link:xz-github,
  author       = "Belkov, Roman",
  title        = "XZ experiments repository",
  year         = 2015,
  url          = {https://github.com/RomanBelkov/XZ-experiments},
  urldate      = "24.02.2016",
  language     = "english"
}
